@misc{RedhatContainerization,
    title = {What is containerization?},
    howpublished = "\url{https://www.redhat.com/en/topics/cloud-native-apps/what-is-containerization}",
    date = {08-Apr-2021},
    note = {Accessed, 07-Dec-2024},
}

@misc{DockerDocs,
    howpublished = "\url{https://docs.docker.com/get-started/docker-concepts/building-images/}",
    date = {07-Dec-2024},
    note = {Accessed, 07-Dec-2024},
}

@misc{Etcd,
    title = {{Data model}},
    howpublished = "\url{https://etcd.io/docs/v3.5/learning/data_model/}",
    date = {26-Feb-2024},
    note = {Accessed, 08-Dec-2024},
}

@misc{KubernetesDocs,
    title = {{Kubernetes Documentation}},
    howpublished = "\url{https://kubernetes.io/docs/home/}",
    date = {11-Sep-2024},
    note = {Accessed, 07-Dec-2024},
}

@misc{IBMKubernetesNetworking,
    title = {{What is Kubernetes networking?}},
    howpublished = "\url{https://www.ibm.com/topics/kubernetes-networking/}",
    date = {21-Nov-2023},
    note = {Accessed, 11-Dec-2024},
    author = "Stephanie Susnjara and Ian Smalley"
}

@misc{KubernetesGatewayAPI,
    title = {{Kubernetes Gateway API Documentation}},
    howpublished = "\url{https://gateway-api.sigs.k8s.io/}",
    date = {},
    note = {Accessed, 11-Dec-2024},
}

@misc{AntreaDocs,
    title = {{Antrea Documentation}},
    howpublished = "\url{https://antrea.io/docs/v2.2.0/}",
    date = {2024},
    note = {Accessed, 12-Dec-2024},
}

@misc{CiliumCNIBenchmark,
    title = {{CNI Benchmark: Understanding Cilium Network Performance}},
    howpublished = "\url{https://cilium.io/blog/2021/05/11/cni-benchmark/}",
    date = {11-May-2021},
    note = {Accessed, 12-Dec-2024},
    author = "Thomas Graf",
}

@misc{CiliumDocs,
    title = {{Cilium Documentation}},
    howpublished = "\url{https://docs.cilium.io/en/stable/}",
    date = {19-Nov-2024},
    note = {Accessed, 12-Dec-2024},
}

@misc{OvS,
    title = {{Open Virtual Switch Documentation}},
    howpublished = "\url{https://www.openvswitch.org/}",
    date = {2016},
    note = {Accessed, 12-Dec-2024},
}

@misc{CalicoDocs,
    title = {{Calico Documentation}},
    howpublished = "\url{https://docs.tigera.io/calico/}",
    date = {2024},
    note = {Accessed, 12-Dec-2024},
}

@misc{eBPF,
    title = {{eBPF Documentation}},
    howpublished = "\url{https://ebpf.io/what-is-ebpf/}",
    date = {2024},
    note = {Accessed, 12-Dec-2024},
}

@misc{IsovalentHash,
    title = {{What is Kube-Proxy and why move from iptables to eBPF?}},
    howpublished = "\url{https://isovalent.com/blog/post/why-replace-iptables-with-ebpf/}",
    date = {26-Oct-2023},
    note = {Accessed, 12-Dec-2024},
    author = "Jeremy Colvin"
}

@article{dakic2024performance,
  author    = {Dakić, V. and Redžepagić, J. and Bašić, M. and Žgrablić, L.},
  title     = {Performance and Latency Efficiency Evaluation of Kubernetes Container Network Interfaces for Built-In and Custom Tuned Profiles},
  journal   = {Electronics},
  year      = {2024},
  volume    = {13},
  number    = {3972},
  doi       = {10.3390/electronics13123972}
}

@INPROCEEDINGS{9153266,
  author={Qi, Shixiong and Kulkarni, Sameer G and Ramakrishnan, K. K.},
  booktitle={2020 IEEE International Symposium on Local and Metropolitan Area Networks (LANMAN}, 
  title={Understanding Container Network Interface Plugins: Design Considerations and Performance}, 
  year={2020},
  volume={},
  number={},
  pages={1-6},
  keywords={Containers;IP networks;Bridges;Routing;Weaving;Protocols;Linux;Kubernetes;Container network interface;Performance},
  doi={10.1109/LANMAN49260.2020.9153266}
}

@ARTICLE{9309003,
  author={Qi, Shixiong and Kulkarni, Sameer G. and Ramakrishnan, K. K.},
  journal={IEEE Transactions on Network and Service Management}, 
  title={Assessing Container Network Interface Plugins: Functionality, Performance, and Scalability}, 
  year={2021},
  volume={18},
  number={1},
  pages={656-671},
  keywords={Containers;Network interfaces;Runtime;IP networks;Scalability;Cloud computing;Open source software;Containers;container networking interface;Kubernetes;performance;scalability},
  doi={10.1109/TNSM.2020.3047545}
}

@ARTICLE{10138542,
  author={Soldani, David and Nahi, Petrit and Bour, Hami and Jafarizadeh, Saber and Soliman, Mohammed F. and Di Giovanna, Leonardo and Monaco, Francesco and Ognibene, Giuseppe and Risso, Fulvio},
  journal={IEEE Access}, 
  title={eBPF: A New Approach to Cloud-Native Observability, Networking and Security for Current (5G) and Future Mobile Networks (6G and Beyond)}, 
  year={2023},
  volume={11},
  number={},
  pages={57174-57202},
  keywords={5G mobile communication;Cloud computing;Security;Observability;Linux;6G mobile communication;Band-pass filters;eBPF;extended Berkeley packet filter;cloud-native observability;cloud-native security;cloud-native networking;cloud-native monitoring;5G;5G Advanced;6G;Kubernetes;K8s},
  doi={10.1109/ACCESS.2023.3281480}
}

@misc{CalicoEgressDeploy,
    title = {{Kubernetes egress}},
    howpublished = "\url{https://www.tigera.io/blog/using-calico-egress-gateway-and-access-controls-to-secure-traffic/}",
    date = {2024},
    note = {Accessed, 15-Dec-2024},
}

@misc{CiliumUseCases,
    title = {{Egress Gateway}},
    howpublished = "\url{https://cilium.io/use-cases}",
    date = {19-Nov-2024},
    note = {Accessed, 15-Dec-2024},
}

@misc{Canary,
    title = {{What Are Canary Deployments? Process and Visual Example}},
    howpublished = "\url{https://codefresh.io/learn/software-deployment/what-are-canary-deployments/}",
    date = {2024},
    note = {Accessed, 16-Dec-2024},
}

@misc{AnsibleDocs,
    title = {{Ansible Documentation}},
    howpublished = "\url{https://docs.ansible.com/ansible}",
    date = {03-Dec-2024},
    note = {Accessed, 17-Dec-2024},
}

@misc{Iperf,
    title = {{Iperf Documentation}},
    howpublished = "\url{https://iperf.fr/}",
    note = {Accessed, 17-Dec-2024},
    author = "Jon Dugan and Seth Elliott and Bruce A. Mah and Jeff Poskanzer and Kaustubh Prabhu"
}

@misc{Kind,
    title = {{Kind Documentation}},
    howpublished = "\url{https://kind.sigs.k8s.io/}",
    date = {27-Feb-2024},
    note = {Accessed, 17-Dec-2024},
}

@misc{K6,
    title = {{Grafana K6 Documentation}},
    howpublished = "\url{https://grafana.com/docs/k6/latest/}",
    date = {},
    note = {Accessed, 17-Dec-2024},
}

@misc{MetalLB,
    title = {{MetalLB Documentation}},
    howpublished = "\url{https://metallb.io/}",
    date = {},
    note = {Accessed, 18-Dec-2024},
    author = "Cloud Native Computing Foundation"
}

@misc{NodeExporter,
    title = {{Node Exporter Documentation}},
    howpublished = "\url{https://github.com/prometheus/node_exporter}",
    date = {},
    note = {Accessed, 18-Dec-2024},
}

@misc{Prometheus,
    title = {{Prometheus Documentation}},
    howpublished = "\url{https://prometheus.io/docs/introduction/overview/}",
    date = {},
    note = {Accessed, 18-Dec-2024},
}

@misc{AKS,
    title = {{Quickstart: Deploy an Azure Kubernetes Service (AKS) cluster using Terraform}},
    howpublished = "\url{https://learn.microsoft.com/en-us/azure/aks/learn/quick-kubernetes-deploy-terraform}",
    date = {08-Jan-2024},
    note = {Accessed, 18-Dec-2024},
}

@misc{Terraform,
    title = {{What is Terraform?}},
    howpublished = "\url{https://developer.hashicorp.com/terraform/intro}",
    date = {},
    note = {Accessed, 18-Dec-2024},
}

@misc{NGINX,
    title = {{Gateway architecture}},
    howpublished = "\url{https://docs.nginx.com/nginx-gateway-fabric/overview/gateway-architecture/}",
    date = {16-Dec-2024},
    note = {Accessed, 23-Dec-2024},
    author = "F5, Inc"
}

@misc{CloudIcon,
    howpublished = "\url{https://cdn-icons-png.freepik.com/256/11454/11454089.png?semt=ais_hybrid}",
    note = {Accessed, 23-Dec-2024},
}

@misc{CloudIcon2,
    howpublished = "\url{https://e7.pngegg.com/pngimages/901/1/png-clipart-cloud-computing-content-delivery-network-cloud-storage-web-hosting-service-cloud-computing-blue-computer-network-thumbnail.png}",
    note = {Accessed, 23-Dec-2024},
}

@misc{K8sIcons,
    howpublished = "\url{https://diagrams.mingrammer.com/docs/nodes/k8s}",
    note = {Accessed, 23-Dec-2024},
}

@misc{EtcdIcon,
    howpublished = "\url{https://static-00.iconduck.com/assets.00/etcd-Icon-1024x990-d2wbvuqt.png}",
    note = {Accessed, 23-Dec-2024},
}

@misc{PersonIcon,
    howpublished = "\url{https://media.istockphoto.com/id/1332100919/vector/man-Icon-black-Icon-person-symbol.jpg?s=612x612&w=0&k=20&c=AVVJkvxQQCuBhawHrUhDRTCeNQ3Jgt0K1tXjJsFy1eg=}",
    note = {Accessed, 23-Dec-2024},
}

@misc{TerraformIcon,
    howpublished = "\url{https://s3-ap-southeast-2.amazonaws.com/content-prod-529546285894/2020/03/tf.png}",
    note = {Accessed, 23-Dec-2024},
}

@misc{AnsibleIcon,
    howpublished = "\url{https://upload.wikimedia.org/wikipedia/commons/0/05/Ansible_Logo.png}",
    note = {Accessed, 23-Dec-2024},
}

@misc{KindIcon,
    howpublished = "\url{https://kind.sigs.k8s.io/logo/logo.png}",
    note = {Accessed, 23-Dec-2024},
}

@misc{DockerIcon,
    howpublished = "\url{https://static-00.iconduck.com/assets.00/docker-Icon-2048x1753-uguk29a7.png}",
    note = {Accessed, 23-Dec-2024},
}

@misc{AzureIcons,
    howpublished = "\url{https://learn.microsoft.com/en-us/azure/architecture/icons/}",
    note = {Accessed, 23-Dec-2024},
}

@misc{LucidApp,
    title = {{LucidApp}},
    howpublished = "\url{https://lucid.app}",
    note = {Accessed, 23-Dec-2024},
}

@misc{Excel,
    title = {{Microsoft Excel}},
    howpublished = "\url{https://www.microsoft.com/microsoft-365/excel}",
    note = {Accessed, 28-Dec-2024},
}